
@incollection{lu2013edge,
  title={Edge betweenness centrality},
  author={Lu, LongJason and Zhang, Minlu},
  booktitle={Encyclopedia of systems biology},
  pages={647--648},
  year={2013},
  publisher={Springer}

}


@article{girvan2002community,
  title={Community structure in social and biological networks},
  author={Girvan, Michelle and Newman, Mark EJ},
  journal={Proceedings of the national academy of sciences},
  volume={99},
  number={12},
  pages={7821--7826},
  year={2002},
  publisher={National Acad Sciences}
}

@article{zachary1977information,
  title={An {I}nformation {F}low {M}odel for {C}onflict and
  {F}ission in {S}mall {G}roups},
  date = {1977},
  howpublished ={http://aris.ss.uci.edu/~lin/76.pdf},
  url={http://aris.ss.uci.edu/~lin/76.pdf},
  note = {Accessed: 2017-10-03}
}

@misc{Igraph,
  title={Igraph},
  date = {2008},
  howpublished ={http://lists.nongnu.org/archive/html/igraph-help/2008-11/msg00047.html},
  url={http://http://lists.nongnu.org/archive/html/igraph-help/2008-11/msg00047.html},
  note = {Accessed: 2017-10-03}
}

