
@misc{KarateClub,
  title = {{K}arate {C}lub },
  date = {2016},
  howpublished = {http://bl.ocks.org/majetisiri/316e3a1537b469154779},
  url = {http://bl.ocks.org/majetisiri/316e3a1537b469154779},
  note = {Accessed: 2017-21-03}
}


@misc{Tweepy,
  title={{T}weepy},
  date = {2017},
  howpublished = {http://www.tweepy.org/},
  url={http://www.tweepy.org/},
  note = {Accessed: 2017-22-03}
}

@misc{D3,
  title={{D}ata-{D}riven {D}ocument},
  date = {2015},
  howpublished ={https://d3js.org/},
  url={https://d3js.org/},
  note = {Accessed: 2017-22-03}
}
