
@misc{Twitter,
  title = {{T}witter {API} },
  date = {2017},
  howpublished = {https://dev.twitter.com/},
  url = {https://dev.twitter.com/},
  note = {Accessed: 2017-23-02}
}


@misc{Tweepy,
  title={{T}weepy},
  date = {2017},
  howpublished = {http://www.tweepy.org/},
  url={http://www.tweepy.org/},
  note = {Accessed: 2017-25-02}
}

@misc{BeautifulSoup,
  title={{P}ython {L}ibrary},
  date = {2017},
  howpublished ={http://stackoverflow.com/questions/7785831/xml-parsing-in-python-using-beautifulsoup},
  url={http://stackoverflow.com/questions/7785831/xml-parsing-in-python-using-beautifulsoup},
  note = {Accessed: 2017-25-02}
}
